<record><leader>00000cas a22000007a 4500</leader><controlfield tag="001">33179463</controlfield><controlfield tag="008">950920d19011903azuwr ne      0   a0eng d</controlfield><datafield ind1=" " ind2=" " tag="010"><subfield code="a">sn 95060580 </subfield></datafield><datafield ind1=" " ind2=" " tag="040"><subfield code="a">ANN</subfield><subfield code="b">eng</subfield><subfield code="c">ANN</subfield><subfield code="d">DLC</subfield><subfield code="d">OCLCF</subfield></datafield><datafield ind1="0" ind2=" " tag="022"><subfield code="a">2326-0734</subfield><subfield code="2">1</subfield></datafield><datafield ind1="1" ind2=" " tag="029"><subfield code="a">AU@</subfield><subfield code="b">000011994114</subfield></datafield><datafield ind1=" " ind2=" " tag="042"><subfield code="a">msc</subfield><subfield code="a">nsdp</subfield></datafield><datafield ind1=" " ind2=" " tag="043"><subfield code="a">n-us-az</subfield></datafield><datafield ind1="0" ind2="0" tag="050"><subfield code="a">Newspaper</subfield></datafield><datafield ind1="0" ind2="0" tag="082"><subfield code="a">071</subfield><subfield code="2">23</subfield></datafield><datafield ind1="0" ind2=" " tag="130"><subfield code="a">Snips (St. Johns, Ariz.)</subfield></datafield><datafield ind1=" " ind2="0" tag="222"><subfield code="a">Snips (St. Johns, Ariz. Print)</subfield></datafield><datafield ind1="1" ind2="0" tag="245"><subfield code="a">Snips.</subfield></datafield><datafield ind1=" " ind2=" " tag="260"><subfield code="a">St. Johns, Ariz. :</subfield><subfield code="b">Snips Pub. Co.</subfield></datafield><datafield ind1=" " ind2=" " tag="300"><subfield code="a">v.</subfield></datafield><datafield ind1=" " ind2=" " tag="310"><subfield code="a">Weekly</subfield></datafield><datafield ind1="1" ind2=" " tag="362"><subfield code="a">Began 1901.  Ceased 1903.</subfield></datafield><datafield ind1=" " ind2=" " tag="530"><subfield code="a">Archived issues are available in digital format as part of the Library of Congress Chronicling America online collection.</subfield></datafield><datafield ind1=" " ind2=" " tag="588"><subfield code="a">Description based on:  Vol. 2, no. 14 (Dec. 18, 1902).</subfield></datafield><datafield ind1=" " ind2=" " tag="580"><subfield code="a">Merged with:  St. Johns herald (St. Johns, Ariz. : 1885), to form: Snips and the St. Johns herald.</subfield></datafield><datafield ind1=" " ind2="0" tag="651"><subfield code="a">Saint Johns (Ariz.)</subfield><subfield code="v">Newspapers.</subfield></datafield><datafield ind1=" " ind2="0" tag="651"><subfield code="a">Apache County (Ariz.)</subfield><subfield code="v">Newspapers.</subfield></datafield><datafield ind1=" " ind2="7" tag="655"><subfield code="a">Newspapers.</subfield><subfield code="2">fast</subfield><subfield code="0">(OCoLC)fst01423814</subfield></datafield><datafield ind1=" " ind2="7" tag="651"><subfield code="a">Arizona</subfield><subfield code="z">Apache County.</subfield><subfield code="2">fast</subfield><subfield code="0">(OCoLC)fst01217372</subfield></datafield><datafield ind1=" " ind2="7" tag="651"><subfield code="a">Arizona</subfield><subfield code="z">Saint Johns.</subfield><subfield code="2">fast</subfield><subfield code="0">(OCoLC)fst01226551</subfield></datafield><datafield ind1=" " ind2=" " tag="752"><subfield code="a">United States</subfield><subfield code="b">Arizona</subfield><subfield code="c">Apache</subfield><subfield code="d">Saint Johns.</subfield></datafield><datafield ind1="1" ind2=" " tag="776"><subfield code="t">Snips (St. Johns, Ariz. : Online)</subfield><subfield code="x">2326-0742</subfield><subfield code="w">(DLC)  2013218505</subfield><subfield code="w">(OCoLC)823515732</subfield></datafield><datafield ind1="1" ind2="7" tag="785"><subfield code="t">St. Johns herald (St. Johns, Ariz. : 1885)</subfield><subfield code="x">2166-9767</subfield><subfield code="w">(DLC)sn 94051692</subfield><subfield code="w">(OCoLC)32058950</subfield></datafield><datafield ind1="1" ind2="7" tag="785"><subfield code="t">Snips and the St. Johns herald</subfield><subfield code="w">(DLC)sn 95060581</subfield><subfield code="w">(OCoLC)30523691</subfield></datafield><datafield ind1="4" ind2="1" tag="856"><subfield code="u">http://www.loc.gov/chroniclingamerica/lccn/sn95060580/issues</subfield></datafield></record>